@Book{constraint_programming,
  author = {Crawford, B. et al.},
  OPTeditor = {},
  title = {Solving Constraint Satisfaction Puzzles with Constraint Programming},
  publisher = {Proceedings of the Third International Conference on Convergence and Hybrid Information Technology},
  year = {2008},
  series = {vol. 2, 926-931},
  OPTkey = {},
  OPTvolume = {},
  OPTnumber = {},
  OPTseries = {},
  OPTaddress = {},
  OPTedition = {},
  OPTmonth = {},
  OPTnote = {},
  OPTannote = {}
}